%% This BibTeX bibliography file was created using BibDesk.
%% http://bibdesk.sourceforge.net/


%% Created for Francisco Molina Castro at 2015-09-23 10:27:58 -0600 


%% Saved with string encoding Unicode (UTF-8) 



@url{adcref,
	Author = {ST},
	Date-Added = {2015-09-23 16:23:10 +0000},
	Date-Modified = {2015-09-23 16:27:52 +0000},
	Rating = {5},
	Title = {http://www.st.com/web/en/resource/technical/document/application\_note/CD00211314.pdf},
	Urldate = {23/09/2015}}

@url{wikicdc,
	Author = {Wikipedia},
	Date-Added = {2015-09-23 16:23:06 +0000},
	Date-Modified = {2015-09-23 16:27:42 +0000},
	Rating = {5},
	Title = {https://en.wikipedia.org/wiki/USB\_communications\_device\_class},
	Urldate = {23/09/2015}}

@url{pyserial,
	Author = {PySerial},
	Date-Added = {2015-09-23 16:20:07 +0000},
	Date-Modified = {2015-09-23 16:21:22 +0000},
	Rating = {5},
	Title = {https://pyserial.readthedocs.org/},
	Urldate = {23/09/2015}}

@url{acmwiki,
	Author = {OpenMoko},
	Date-Added = {2015-09-23 16:20:05 +0000},
	Date-Modified = {2015-09-23 16:26:13 +0000},
	Rating = {5},
	Title = {http://wiki.openmoko.org/wiki/CDC\_ACM},
	Urldate = {23/09/2015}}

@url{matplot,
	Author = {John Hunter},
	Date-Added = {2015-09-23 16:20:02 +0000},
	Date-Modified = {2015-09-23 16:20:51 +0000},
	Rating = {5},
	Title = {http://matplotlib.org/},
	Urldate = {23/09/2015}}

@url{csv,
	Author = {Csv},
	Date-Added = {2015-09-23 16:18:48 +0000},
	Date-Modified = {2015-09-23 16:19:40 +0000},
	Rating = {5},
	Title = {https://docs.python.org/3/library/csv.html},
	Urldate = {23/09/2015}}

@url{libopen,
	Author = {libopencm3},
	Date-Added = {2015-09-02 17:50:51 +0000},
	Date-Modified = {2015-09-02 17:53:11 +0000},
	Rating = {5},
	Title = {http://libopencm3.org/},
	Urldate = {16/5/2015}}

@url{coroco,
	Author = {Arcoslab},
	Date-Added = {2015-09-02 17:48:50 +0000},
	Date-Modified = {2015-09-02 17:50:34 +0000},
	Rating = {5},
	Title = {https://github.com/arcoslab/open-coroco},
	Urldate = {15/06/2015}}
