%% This BibTeX bibliography file was created using BibDesk.
%% http://bibdesk.sourceforge.net/


%% Created for Francisco Molina Castro at 2015-09-02 11:53:59 -0600 


%% Saved with string encoding Unicode (UTF-8) 



@url{libopen,
	Author = {libopencm3},
	Date-Added = {2015-09-02 17:50:51 +0000},
	Date-Modified = {2015-09-02 17:53:11 +0000},
	Rating = {5},
	Title = {http://libopencm3.org/},
	Urldate = {16/5/2015}}

@url{coroco,
	Author = {Arcoslab},
	Date-Added = {2015-09-02 17:48:50 +0000},
	Date-Modified = {2015-09-02 17:50:34 +0000},
	Rating = {5},
	Title = {https://github.com/arcoslab/open-coroco},
	Urldate = {15/06/2015}}
