@book{marky2015dsa,
  title={Bibliograf√≠a for dummies},
  year={2015}
}

@article{marky2040dsa,
  title={Hola y adios},
  year={2015}
}
