@book{1,
  title={Ingeniería de control Moderna, 5 edición},
  year={2010},
  author ={Katsuhiko Ogata},
  editor ={Pearson}
}


